@article{privacyCompare,
  author={James W. Hazel and Christopher Slobogin},
  title={Who Knows What, and When?: a Survey of the Privacy Policies Proffered By U.S. Direct-to-Consumer Genetic Testing Companies.},
  journal={Cornell Journal of Law and Public Policy},
  volume="28",
  year="2018",
  pages="35-66",
  number="1"
}
@online{genDG7,
  title="§7 Arztvorbehalt GenDG",
  organization="Bundesministerium der Justiz und für Verbraucherschutz",
  url="https://www.gesetze-im-internet.de/gendg/__7.html",
  urldate={2021-06-02}
}
@online{genDG2,
  title="§2 Anwendungsbereich GenDG",
  organization="Bundesministerium der Justiz und für Verbraucherschutz",
  url="https://www.gesetze-im-internet.de/gendg/__2.html",
  urldate={2021-06-02}
}
@online{genDG17,
  title="§17 Genetische Untersuchungen zur Klärung der Abstammung GenDG",
  organization="Bundesministerium der Justiz und für Verbraucherschutz",
  url="https://www.gesetze-im-internet.de/gendg/__17.html",
  urldate={2021-06-02}
}
@article{ancestryGER,
  title="Gutachten: AncestryDNA ist in Deutschland",
  author="Thilo Weichert",
  journal="Netzwerk Datenschutzexpertise",
  date="2018-12-17",
  url="https://www.netzwerk-datenschutzexpertise.de/sites/default/files/gut_2018_ancestry.pdf"
}
@online{tedx,
  title="Genetic Genealogy TEDxLansing",
  author="Dirk Schweitzer",
  url="http://www.dirkschweitzer.net/DNATests.html",
  urldate={2021-06-02}
}
@online{nola,
  organization="nola.com",
  title="New Orleans Advocate Article",
  url="https://www.nola.com/news/11707192-123/new-orleans-filmmaker-cleared-in/",
  note="Url is a 404, quote was taken from: https://www.reddit.com/r/Genealogy/comments/34qid5/eff_details_how_ancestrycom_is_sharing_dna_and/cqx55bx?utm_source=share&utm_medium=web2x&context=3"
}
@online{bigbro,
  title="BigBrotherAward 2019: Ancestry.com",
  organization="Digitalcourage e.V.",
  url="https://bigbrotherawards.de/2019/biotechnik-ancestry_com",
  urldate={2021-06-02}
}
@online{adoption,
  title="Probleme und Gefahren der DNA-Genealogie",
  organization="GenWiki",
  url="https://genwiki.genealogy.net/Probleme_und_Gefahren_der_DNA-Genealogie#Erkenntnisse_.C3.BCber_Adoptionen",
  urldate={2021-06-02}
}
@online{blackstone,
  title="The Firm",
  organization="Blackstone",
  url="https://www.blackstone.com/the-firm/",
  urldate={2021-06-05}
}
@online{effGoogle,
  title="Google Says It Doesn’t 'Sell' Your Data. Here’s How the Company Shares, Monetizes, and Exploits It.",
  organization="EFF",
  url="https://www.eff.org/deeplinks/2020/03/google-says-it-doesnt-sell-your-data-heres-how-company-shares-monetizes-and",
  urldate={2021-06-05}
}
@online{23wiki,
  title="23andMe",
  organization="Wikipedia",
  url="https://en.wikipedia.org/wiki/23andMe",
  urldate={2021-06-05}
}
@online{Ancwiki,
  title="Ancestry.com",
  organization="Wikipedia",
  url="https://en.wikipedia.org/wiki/23andMe",
  urldate={2021-06-05}
}
@online{bbc,
  title="Who’s making money from your DNA?",
  organization="BBC",
  url="https://www.bbc.com/worklife/article/20190301-how-screening-companies-are-monetising-your-dna",
  urldate={2021-06-05}
}
@online{ancestryBlog,
  title="AncestryDNA kommt nach Deutschland",
  organization="Ancestry",
  url="https://blogs.ancestry.de/cm/ancestrydna-kommt-nach-deutschland/",
  urldate={2021-06-06}
}
@online{ancestryDna,
  title="DNA",
  organization="Ancestry",
  url="https://www.ancestry.com/dna/",
  urldate={2021-06-06}
}
@online{23owners,
  title="Who Owns 23andMe? (Explained)",
  organization="Data Mining DNA",
  url="https://www.dataminingdna.com/who-owns-23andme/",
  urldate={2021-06-06}
}
